@book{Rosenhouse:2009,
	title = {The Monty Hall Problem: The Remarkable Story of Math's Most Contentious Brain Teaser},
	author = {Jason Rosenhouse},
	address = {Oxford University Press, USA},
	publisher = {StudienVerl.},
	year = {2009},
	isbn = {9780195367898}
}

@Book{IEoSS:,
	title = {International Encyclopedia of Statistical Science},
	author = {},
	address = {Berlin Heidelberg},
	publisher = {Springer Verlag},
	year = {},
	isbn = {978-3-642-04897-5}
}


@TechReport{dreyfus:1980,
	author = {Stuard E. Dreyfus and Hubert L. Dreyfus},
	title = {A Five-Stage Model Of The Mental Activities Involved In Directed Skill Acquisition},
	institution = {University of California, Berkley},
	year = {1980},
	url = {http://www.dtic.mil/cgi-bin/GetTRDoc?AD=ADA084551&Location=U2&doc=GetTRDoc.pdf},
}

@Online{fsf:2007,
	author = {{Free Software Foundation}},
	title = {{GNU AFFERO GENERAL PUBLIC LICENSE}},
	url = {http://www.gnu.org/licenses/agpl-3.0.de.html},
	year = {2007}
}

@Unpublished{mustermann:2012,
	author = {Max Mustermann},
	title = {tolles Musterthema},
	year = {2012},
	address = {Musterstadt},
	note = {Studienarbeit}
}